
<marc:record><marc:leader>01715nam#a2200589   4500</marc:leader>
<marc:controlfield tag="001">FRCYB88827603</marc:controlfield>
<marc:datafield tag="010" ind1=" " ind2=" "><marc:subfield code="a">978-28-1760-445-9</marc:subfield></marc:datafield><marc:datafield tag="035" ind1=" " ind2=" "><marc:subfield code="a">FRCYB11288827603</marc:subfield></marc:datafield><marc:datafield tag="035" ind1=" " ind2=" "><marc:subfield code="a">FRCYB25988827603</marc:subfield></marc:datafield><marc:datafield tag="035" ind1=" " ind2=" "><marc:subfield code="a">FRCYB14188827603</marc:subfield></marc:datafield><marc:datafield tag="035" ind1=" " ind2=" "><marc:subfield code="a">FRCYB03888827603</marc:subfield></marc:datafield><marc:datafield tag="035" ind1=" " ind2=" "><marc:subfield code="a">FRCYB14988827603</marc:subfield></marc:datafield><marc:datafield tag="035" ind1=" " ind2=" "><marc:subfield code="a">FRCYB17188827603</marc:subfield></marc:datafield><marc:datafield tag="035" ind1=" " ind2=" "><marc:subfield code="a">FRCYB18388827603</marc:subfield></marc:datafield><marc:datafield tag="035" ind1=" " ind2=" "><marc:subfield code="a">FRCYB19888827603</marc:subfield></marc:datafield><marc:datafield tag="035" ind1=" " ind2=" "><marc:subfield code="a">FRCYB07588827603</marc:subfield></marc:datafield><marc:datafield tag="035" ind1=" " ind2=" "><marc:subfield code="a">FRCYB07788827603</marc:subfield></marc:datafield><marc:datafield tag="035" ind1=" " ind2=" "><marc:subfield code="a">FRCYB24488827603</marc:subfield></marc:datafield><marc:datafield tag="035" ind1=" " ind2=" "><marc:subfield code="a">FRCYB27188827603</marc:subfield></marc:datafield><marc:datafield tag="035" ind1=" " ind2=" "><marc:subfield code="a">FRCYB25788827603</marc:subfield></marc:datafield><marc:datafield tag="035" ind1=" " ind2=" "><marc:subfield code="a">FRCYB24788827603</marc:subfield></marc:datafield><marc:datafield tag="035" ind1=" " ind2=" "><marc:subfield code="a">FRCYB24988827603</marc:subfield></marc:datafield><marc:datafield tag="035" ind1=" " ind2=" "><marc:subfield code="a">FRCYB33288827603</marc:subfield></marc:datafield><marc:datafield tag="035" ind1=" " ind2=" "><marc:subfield code="a">FRCYB55588827603</marc:subfield></marc:datafield><marc:datafield tag="035" ind1=" " ind2=" "><marc:subfield code="a">FRCYB56088827603</marc:subfield></marc:datafield><marc:datafield tag="035" ind1=" " ind2=" "><marc:subfield code="a">FRCYB66988827603</marc:subfield></marc:datafield><marc:datafield tag="035" ind1=" " ind2=" "><marc:subfield code="a">FRCYB67588827603</marc:subfield></marc:datafield><marc:datafield tag="035" ind1=" " ind2=" "><marc:subfield code="a">FRCYB68988827603</marc:subfield></marc:datafield><marc:datafield tag="035" ind1=" " ind2=" "><marc:subfield code="a">FRCYB70588827603</marc:subfield></marc:datafield><marc:datafield tag="035" ind1=" " ind2=" "><marc:subfield code="a">FRCYB75288827603</marc:subfield></marc:datafield><marc:datafield tag="035" ind1=" " ind2=" "><marc:subfield code="a">FRCYB77688827603</marc:subfield></marc:datafield><marc:datafield tag="035" ind1=" " ind2=" "><marc:subfield code="a">FRCYB82388827603</marc:subfield></marc:datafield><marc:datafield tag="035" ind1=" " ind2=" "><marc:subfield code="a">FRCYB84588827603</marc:subfield></marc:datafield><marc:datafield tag="035" ind1=" " ind2=" "><marc:subfield code="a">FRCYB84888827603</marc:subfield></marc:datafield><marc:datafield tag="035" ind1=" " ind2=" "><marc:subfield code="a">FRCYB88288827603</marc:subfield></marc:datafield><marc:datafield tag="035" ind1=" " ind2=" "><marc:subfield code="a">FRCYB89488827603</marc:subfield></marc:datafield><marc:datafield tag="035" ind1=" " ind2=" "><marc:subfield code="a">FRCYB93488827603</marc:subfield></marc:datafield><marc:datafield tag="035" ind1=" " ind2=" "><marc:subfield code="a">FRCYB60888827603</marc:subfield></marc:datafield><marc:datafield tag="035" ind1=" " ind2=" "><marc:subfield code="a">FRCYB65588827603</marc:subfield></marc:datafield><marc:datafield tag="073" ind1=" " ind2="0"><marc:subfield code="a">9782817604459</marc:subfield></marc:datafield><marc:datafield tag="100" ind1=" " ind2=" "><marc:subfield code="a">20220510d2015    m  y0frey0103    ba</marc:subfield></marc:datafield><marc:datafield tag="101" ind1="0" ind2=" "><marc:subfield code="a">fre</marc:subfield></marc:datafield><marc:datafield tag="102" ind1=" " ind2=" "><marc:subfield code="a">FR</marc:subfield></marc:datafield><marc:datafield tag="106" ind1=" " ind2=" "><marc:subfield code="a">s</marc:subfield></marc:datafield><marc:datafield tag="152" ind1=" " ind2=" "><marc:subfield code="a">AFNOR Z 44-061</marc:subfield></marc:datafield><marc:datafield tag="200" ind1=" " ind2=" "><marc:subfield code="a">Apprentissage, alternance : bien choisir sa formation</marc:subfield><marc:subfield code="f">Elodie Raitiere</marc:subfield></marc:datafield><marc:datafield tag="210" ind1=" " ind2=" "><marc:subfield code="a">Paris</marc:subfield><marc:subfield code="c">L'Etudiant</marc:subfield><marc:subfield code="d">2015</marc:subfield></marc:datafield><marc:datafield tag="215" ind1=" " ind2=" "><marc:subfield code="a">161 p.</marc:subfield></marc:datafield><marc:datafield tag="700" ind1=" " ind2="|"><marc:subfield code="a">Raitiere</marc:subfield><marc:subfield code="b">Elodie</marc:subfield></marc:datafield><marc:datafield tag="801" ind1=" " ind2=" "><marc:subfield code="a">FR</marc:subfield><marc:subfield code="b">CBL</marc:subfield><marc:subfield code="c">20220510</marc:subfield></marc:datafield><marc:datafield tag="856" ind1="4" ind2=" "><marc:subfield code="u">https://univ.scholarvox.com/book/88827603</marc:subfield><marc:subfield code="2">Cyberlibris</marc:subfield><marc:subfield code="q">text/html</marc:subfield></marc:datafield><marc:datafield tag="856" ind1="4" ind2=" "><marc:subfield code="u">https://static.cyberlibris.com/books_upload/136pix/9782817604459.jpg</marc:subfield><marc:subfield code="2">Cover</marc:subfield><marc:subfield code="q">image/jpg</marc:subfield></marc:datafield></marc:record>