
<marc:record><marc:leader>01417nam#a2200469   4500</marc:leader>
<marc:controlfield tag="001">FRCYB88917356</marc:controlfield>
<marc:datafield tag="010" ind1=" " ind2=" "><marc:subfield code="a">978-22-1616-124-9</marc:subfield></marc:datafield><marc:datafield tag="035" ind1=" " ind2=" "><marc:subfield code="a">FRCYB14188917356</marc:subfield></marc:datafield><marc:datafield tag="035" ind1=" " ind2=" "><marc:subfield code="a">FRCYB03888917356</marc:subfield></marc:datafield><marc:datafield tag="035" ind1=" " ind2=" "><marc:subfield code="a">FRCYB17188917356</marc:subfield></marc:datafield><marc:datafield tag="035" ind1=" " ind2=" "><marc:subfield code="a">FRCYB18388917356</marc:subfield></marc:datafield><marc:datafield tag="035" ind1=" " ind2=" "><marc:subfield code="a">FRCYB07588917356</marc:subfield></marc:datafield><marc:datafield tag="035" ind1=" " ind2=" "><marc:subfield code="a">FRCYB21488917356</marc:subfield></marc:datafield><marc:datafield tag="035" ind1=" " ind2=" "><marc:subfield code="a">FRCYB07788917356</marc:subfield></marc:datafield><marc:datafield tag="035" ind1=" " ind2=" "><marc:subfield code="a">FRCYB24488917356</marc:subfield></marc:datafield><marc:datafield tag="035" ind1=" " ind2=" "><marc:subfield code="a">FRCYB27188917356</marc:subfield></marc:datafield><marc:datafield tag="035" ind1=" " ind2=" "><marc:subfield code="a">FRCYB24988917356</marc:subfield></marc:datafield><marc:datafield tag="035" ind1=" " ind2=" "><marc:subfield code="a">FRCYB54188917356</marc:subfield></marc:datafield><marc:datafield tag="035" ind1=" " ind2=" "><marc:subfield code="a">FRCYB54888917356</marc:subfield></marc:datafield><marc:datafield tag="035" ind1=" " ind2=" "><marc:subfield code="a">FRCYB55588917356</marc:subfield></marc:datafield><marc:datafield tag="035" ind1=" " ind2=" "><marc:subfield code="a">FRCYB56088917356</marc:subfield></marc:datafield><marc:datafield tag="035" ind1=" " ind2=" "><marc:subfield code="a">FRCYB56288917356</marc:subfield></marc:datafield><marc:datafield tag="035" ind1=" " ind2=" "><marc:subfield code="a">FRCYB57488917356</marc:subfield></marc:datafield><marc:datafield tag="035" ind1=" " ind2=" "><marc:subfield code="a">FRCYB84488917356</marc:subfield></marc:datafield><marc:datafield tag="035" ind1=" " ind2=" "><marc:subfield code="a">FRCYB85088917356</marc:subfield></marc:datafield><marc:datafield tag="035" ind1=" " ind2=" "><marc:subfield code="a">FRCYB88288917356</marc:subfield></marc:datafield><marc:datafield tag="035" ind1=" " ind2=" "><marc:subfield code="a">FRCYB91088917356</marc:subfield></marc:datafield><marc:datafield tag="035" ind1=" " ind2=" "><marc:subfield code="a">FRCYB93488917356</marc:subfield></marc:datafield><marc:datafield tag="035" ind1=" " ind2=" "><marc:subfield code="a">FRCYB63488917356</marc:subfield></marc:datafield><marc:datafield tag="073" ind1=" " ind2="0"><marc:subfield code="a">9782216161249</marc:subfield></marc:datafield><marc:datafield tag="100" ind1=" " ind2=" "><marc:subfield code="a">20220510d2021    m  y0frey0103    ba</marc:subfield></marc:datafield><marc:datafield tag="101" ind1="0" ind2=" "><marc:subfield code="a">fre</marc:subfield></marc:datafield><marc:datafield tag="102" ind1=" " ind2=" "><marc:subfield code="a">FR</marc:subfield></marc:datafield><marc:datafield tag="106" ind1=" " ind2=" "><marc:subfield code="a">s</marc:subfield></marc:datafield><marc:datafield tag="152" ind1=" " ind2=" "><marc:subfield code="a">AFNOR Z 44-061</marc:subfield></marc:datafield><marc:datafield tag="200" ind1=" " ind2=" "><marc:subfield code="a">Réussite Concours -  Cadre de santé - Entrée en IFCS - 2022-2023 - Préparation complète</marc:subfield><marc:subfield code="f">Sylvie Pierre</marc:subfield></marc:datafield><marc:datafield tag="210" ind1=" " ind2=" "><marc:subfield code="a">Paris</marc:subfield><marc:subfield code="c">Foucher</marc:subfield><marc:subfield code="d">2021</marc:subfield></marc:datafield><marc:datafield tag="215" ind1=" " ind2=" "><marc:subfield code="a">260 p.</marc:subfield></marc:datafield><marc:datafield tag="700" ind1=" " ind2="|"><marc:subfield code="a">Pierre</marc:subfield><marc:subfield code="b">Sylvie</marc:subfield></marc:datafield><marc:datafield tag="801" ind1=" " ind2=" "><marc:subfield code="a">FR</marc:subfield><marc:subfield code="b">CBL</marc:subfield><marc:subfield code="c">20220510</marc:subfield></marc:datafield><marc:datafield tag="856" ind1="4" ind2=" "><marc:subfield code="u">https://univ.scholarvox.com/book/88917356</marc:subfield><marc:subfield code="2">Cyberlibris</marc:subfield><marc:subfield code="q">text/html</marc:subfield></marc:datafield><marc:datafield tag="856" ind1="4" ind2=" "><marc:subfield code="u">https://static.cyberlibris.com/books_upload/136pix/9782216161249.jpg</marc:subfield><marc:subfield code="2">Cover</marc:subfield><marc:subfield code="q">image/jpg</marc:subfield></marc:datafield></marc:record>