
<marc:record><marc:leader>01337nam#a2200445   4500</marc:leader>
<marc:controlfield tag="001">FRCYB88868051</marc:controlfield>
<marc:datafield tag="010" ind1=" " ind2=" "><marc:subfield code="a">978-28-9642-848-9</marc:subfield></marc:datafield><marc:datafield tag="999" ind1=" " ind2=" "><marc:subfield code="a">978-28-9642-968-4</marc:subfield></marc:datafield><marc:datafield tag="035" ind1=" " ind2=" "><marc:subfield code="a">FRCYB25988868051</marc:subfield></marc:datafield><marc:datafield tag="035" ind1=" " ind2=" "><marc:subfield code="a">FRCYB14188868051</marc:subfield></marc:datafield><marc:datafield tag="035" ind1=" " ind2=" "><marc:subfield code="a">FRCYB03888868051</marc:subfield></marc:datafield><marc:datafield tag="035" ind1=" " ind2=" "><marc:subfield code="a">FRCYB17188868051</marc:subfield></marc:datafield><marc:datafield tag="035" ind1=" " ind2=" "><marc:subfield code="a">FRCYB18388868051</marc:subfield></marc:datafield><marc:datafield tag="035" ind1=" " ind2=" "><marc:subfield code="a">FRCYB18788868051</marc:subfield></marc:datafield><marc:datafield tag="035" ind1=" " ind2=" "><marc:subfield code="a">FRCYB07588868051</marc:subfield></marc:datafield><marc:datafield tag="035" ind1=" " ind2=" "><marc:subfield code="a">FRCYB07788868051</marc:subfield></marc:datafield><marc:datafield tag="035" ind1=" " ind2=" "><marc:subfield code="a">FRCYB24488868051</marc:subfield></marc:datafield><marc:datafield tag="035" ind1=" " ind2=" "><marc:subfield code="a">FRCYB27188868051</marc:subfield></marc:datafield><marc:datafield tag="035" ind1=" " ind2=" "><marc:subfield code="a">FRCYB24788868051</marc:subfield></marc:datafield><marc:datafield tag="035" ind1=" " ind2=" "><marc:subfield code="a">FRCYB24988868051</marc:subfield></marc:datafield><marc:datafield tag="035" ind1=" " ind2=" "><marc:subfield code="a">FRCYB55588868051</marc:subfield></marc:datafield><marc:datafield tag="035" ind1=" " ind2=" "><marc:subfield code="a">FRCYB56088868051</marc:subfield></marc:datafield><marc:datafield tag="035" ind1=" " ind2=" "><marc:subfield code="a">FRCYB66988868051</marc:subfield></marc:datafield><marc:datafield tag="035" ind1=" " ind2=" "><marc:subfield code="a">FRCYB68988868051</marc:subfield></marc:datafield><marc:datafield tag="035" ind1=" " ind2=" "><marc:subfield code="a">FRCYB84588868051</marc:subfield></marc:datafield><marc:datafield tag="035" ind1=" " ind2=" "><marc:subfield code="a">FRCYB88288868051</marc:subfield></marc:datafield><marc:datafield tag="035" ind1=" " ind2=" "><marc:subfield code="a">FRCYB93488868051</marc:subfield></marc:datafield><marc:datafield tag="073" ind1=" " ind2="0"><marc:subfield code="a">9782896428489</marc:subfield></marc:datafield><marc:datafield tag="100" ind1=" " ind2=" "><marc:subfield code="a">20220510d2014    m  y0frey0103    ba</marc:subfield></marc:datafield><marc:datafield tag="101" ind1="0" ind2=" "><marc:subfield code="a">fre</marc:subfield></marc:datafield><marc:datafield tag="102" ind1=" " ind2=" "><marc:subfield code="a">CA</marc:subfield></marc:datafield><marc:datafield tag="106" ind1=" " ind2=" "><marc:subfield code="a">s</marc:subfield></marc:datafield><marc:datafield tag="152" ind1=" " ind2=" "><marc:subfield code="a">AFNOR Z 44-061</marc:subfield></marc:datafield><marc:datafield tag="200" ind1=" " ind2=" "><marc:subfield code="a">Le retour aux études au CEGEP ou a l'université</marc:subfield><marc:subfield code="f">Christian Bégin</marc:subfield></marc:datafield><marc:datafield tag="210" ind1=" " ind2=" "><marc:subfield code="a">Montréal</marc:subfield><marc:subfield code="c">Editions Transcontinental</marc:subfield><marc:subfield code="d">2014</marc:subfield></marc:datafield><marc:datafield tag="215" ind1=" " ind2=" "><marc:subfield code="a">262 p.</marc:subfield></marc:datafield><marc:datafield tag="700" ind1=" " ind2="|"><marc:subfield code="a">Bégin</marc:subfield><marc:subfield code="b">Christian</marc:subfield></marc:datafield><marc:datafield tag="801" ind1=" " ind2=" "><marc:subfield code="a">FR</marc:subfield><marc:subfield code="b">CBL</marc:subfield><marc:subfield code="c">20220510</marc:subfield></marc:datafield><marc:datafield tag="856" ind1="4" ind2=" "><marc:subfield code="u">https://univ.scholarvox.com/book/88868051</marc:subfield><marc:subfield code="2">Cyberlibris</marc:subfield><marc:subfield code="q">text/html</marc:subfield></marc:datafield><marc:datafield tag="856" ind1="4" ind2=" "><marc:subfield code="u">https://static.cyberlibris.com/books_upload/136pix/9782896429684.jpg</marc:subfield><marc:subfield code="2">Cover</marc:subfield><marc:subfield code="q">image/jpg</marc:subfield></marc:datafield></marc:record>