
<marc:record><marc:leader>02128nam#a2200733   4500</marc:leader>
<marc:controlfield tag="001">FRCYB88872941</marc:controlfield>
<marc:datafield tag="010" ind1=" " ind2=" "><marc:subfield code="a">978-28-5557-635-0</marc:subfield></marc:datafield><marc:datafield tag="999" ind1=" " ind2=" "><marc:subfield code="a">978-28-5557-670-1</marc:subfield></marc:datafield><marc:datafield tag="035" ind1=" " ind2=" "><marc:subfield code="a">FRCYB11288872941</marc:subfield></marc:datafield><marc:datafield tag="035" ind1=" " ind2=" "><marc:subfield code="a">FRCYB25988872941</marc:subfield></marc:datafield><marc:datafield tag="035" ind1=" " ind2=" "><marc:subfield code="a">FRCYB13888872941</marc:subfield></marc:datafield><marc:datafield tag="035" ind1=" " ind2=" "><marc:subfield code="a">FRCYB14188872941</marc:subfield></marc:datafield><marc:datafield tag="035" ind1=" " ind2=" "><marc:subfield code="a">FRCYB03888872941</marc:subfield></marc:datafield><marc:datafield tag="035" ind1=" " ind2=" "><marc:subfield code="a">FRCYB14988872941</marc:subfield></marc:datafield><marc:datafield tag="035" ind1=" " ind2=" "><marc:subfield code="a">FRCYB17188872941</marc:subfield></marc:datafield><marc:datafield tag="035" ind1=" " ind2=" "><marc:subfield code="a">FRCYB18388872941</marc:subfield></marc:datafield><marc:datafield tag="035" ind1=" " ind2=" "><marc:subfield code="a">FRCYB07288872941</marc:subfield></marc:datafield><marc:datafield tag="035" ind1=" " ind2=" "><marc:subfield code="a">FRCYB07588872941</marc:subfield></marc:datafield><marc:datafield tag="035" ind1=" " ind2=" "><marc:subfield code="a">FRCYB21188872941</marc:subfield></marc:datafield><marc:datafield tag="035" ind1=" " ind2=" "><marc:subfield code="a">FRCYB07788872941</marc:subfield></marc:datafield><marc:datafield tag="035" ind1=" " ind2=" "><marc:subfield code="a">FRCYB08188872941</marc:subfield></marc:datafield><marc:datafield tag="035" ind1=" " ind2=" "><marc:subfield code="a">FRCYB24488872941</marc:subfield></marc:datafield><marc:datafield tag="035" ind1=" " ind2=" "><marc:subfield code="a">FRCYB27188872941</marc:subfield></marc:datafield><marc:datafield tag="035" ind1=" " ind2=" "><marc:subfield code="a">FRCYB27288872941</marc:subfield></marc:datafield><marc:datafield tag="035" ind1=" " ind2=" "><marc:subfield code="a">FRCYB25788872941</marc:subfield></marc:datafield><marc:datafield tag="035" ind1=" " ind2=" "><marc:subfield code="a">FRCYB24788872941</marc:subfield></marc:datafield><marc:datafield tag="035" ind1=" " ind2=" "><marc:subfield code="a">FRCYB24988872941</marc:subfield></marc:datafield><marc:datafield tag="035" ind1=" " ind2=" "><marc:subfield code="a">FRCYB29688872941</marc:subfield></marc:datafield><marc:datafield tag="035" ind1=" " ind2=" "><marc:subfield code="a">FRCYB55888872941</marc:subfield></marc:datafield><marc:datafield tag="035" ind1=" " ind2=" "><marc:subfield code="a">FRCYB33288872941</marc:subfield></marc:datafield><marc:datafield tag="035" ind1=" " ind2=" "><marc:subfield code="a">FRCYB55288872941</marc:subfield></marc:datafield><marc:datafield tag="035" ind1=" " ind2=" "><marc:subfield code="a">FRCYB55588872941</marc:subfield></marc:datafield><marc:datafield tag="035" ind1=" " ind2=" "><marc:subfield code="a">FRCYB56088872941</marc:subfield></marc:datafield><marc:datafield tag="035" ind1=" " ind2=" "><marc:subfield code="a">FRCYB58488872941</marc:subfield></marc:datafield><marc:datafield tag="035" ind1=" " ind2=" "><marc:subfield code="a">FRCYB68988872941</marc:subfield></marc:datafield><marc:datafield tag="035" ind1=" " ind2=" "><marc:subfield code="a">FRCYB70588872941</marc:subfield></marc:datafield><marc:datafield tag="035" ind1=" " ind2=" "><marc:subfield code="a">FRCYB37388872941</marc:subfield></marc:datafield><marc:datafield tag="035" ind1=" " ind2=" "><marc:subfield code="a">FRCYB42688872941</marc:subfield></marc:datafield><marc:datafield tag="035" ind1=" " ind2=" "><marc:subfield code="a">FRCYB75288872941</marc:subfield></marc:datafield><marc:datafield tag="035" ind1=" " ind2=" "><marc:subfield code="a">FRCYB77688872941</marc:subfield></marc:datafield><marc:datafield tag="035" ind1=" " ind2=" "><marc:subfield code="a">FRCYB82388872941</marc:subfield></marc:datafield><marc:datafield tag="035" ind1=" " ind2=" "><marc:subfield code="a">FRCYB84588872941</marc:subfield></marc:datafield><marc:datafield tag="035" ind1=" " ind2=" "><marc:subfield code="a">FRCYB84888872941</marc:subfield></marc:datafield><marc:datafield tag="035" ind1=" " ind2=" "><marc:subfield code="a">FRCYB88288872941</marc:subfield></marc:datafield><marc:datafield tag="035" ind1=" " ind2=" "><marc:subfield code="a">FRCYB88388872941</marc:subfield></marc:datafield><marc:datafield tag="035" ind1=" " ind2=" "><marc:subfield code="a">FRCYB90888872941</marc:subfield></marc:datafield><marc:datafield tag="035" ind1=" " ind2=" "><marc:subfield code="a">FRCYB93488872941</marc:subfield></marc:datafield><marc:datafield tag="035" ind1=" " ind2=" "><marc:subfield code="a">FRCYB60888872941</marc:subfield></marc:datafield><marc:datafield tag="035" ind1=" " ind2=" "><marc:subfield code="a">FRCYB63588872941</marc:subfield></marc:datafield><marc:datafield tag="035" ind1=" " ind2=" "><marc:subfield code="a">FRCYB65588872941</marc:subfield></marc:datafield><marc:datafield tag="073" ind1=" " ind2="0"><marc:subfield code="a">9782855576350</marc:subfield></marc:datafield><marc:datafield tag="100" ind1=" " ind2=" "><marc:subfield code="a">20220510d2019    m  y0frey0103    ba</marc:subfield></marc:datafield><marc:datafield tag="101" ind1="0" ind2=" "><marc:subfield code="a">fre</marc:subfield></marc:datafield><marc:datafield tag="102" ind1=" " ind2=" "><marc:subfield code="a">FR</marc:subfield></marc:datafield><marc:datafield tag="106" ind1=" " ind2=" "><marc:subfield code="a">s</marc:subfield></marc:datafield><marc:datafield tag="152" ind1=" " ind2=" "><marc:subfield code="a">AFNOR Z 44-061</marc:subfield></marc:datafield><marc:datafield tag="200" ind1=" " ind2=" "><marc:subfield code="a">Paysans-boulangers, le guide (très) pratique</marc:subfield><marc:subfield code="f">Adrien Pelletier,Yanis Irhir</marc:subfield></marc:datafield><marc:datafield tag="210" ind1=" " ind2=" "><marc:subfield code="a">Paris</marc:subfield><marc:subfield code="c">Editions France Agricole</marc:subfield><marc:subfield code="d">2019</marc:subfield></marc:datafield><marc:datafield tag="215" ind1=" " ind2=" "><marc:subfield code="a">224 p.</marc:subfield></marc:datafield><marc:datafield tag="700" ind1=" " ind2="|"><marc:subfield code="a">Pelletier</marc:subfield><marc:subfield code="b">Adrien</marc:subfield></marc:datafield><marc:datafield tag="701" ind1=" " ind2="|"><marc:subfield code="a">Irhir</marc:subfield><marc:subfield code="b">Yanis</marc:subfield></marc:datafield><marc:datafield tag="801" ind1=" " ind2=" "><marc:subfield code="a">FR</marc:subfield><marc:subfield code="b">CBL</marc:subfield><marc:subfield code="c">20220510</marc:subfield></marc:datafield><marc:datafield tag="856" ind1="4" ind2=" "><marc:subfield code="u">https://univ.scholarvox.com/book/88872941</marc:subfield><marc:subfield code="2">Cyberlibris</marc:subfield><marc:subfield code="q">text/html</marc:subfield></marc:datafield><marc:datafield tag="856" ind1="4" ind2=" "><marc:subfield code="u">https://static.cyberlibris.com/books_upload/136pix/9782855576701.jpg</marc:subfield><marc:subfield code="2">Cover</marc:subfield><marc:subfield code="q">image/jpg</marc:subfield></marc:datafield></marc:record>